@book{dobson2008gml,
  title={An introduction to generalized linear models, third edition},
  author={Dobson, A.J. and Barnett, A.G},
  year={2008},
  publisher={Chapman and Hall/CRC}
}

@misc{CDCfaq,
  author = {CDC},
  title = {NHANES Web Tutorial Frequently Asked Questions (FAQs)},
  year = 2018,
  howpublished = {\url{https://www.cdc.gov/nchs/tutorials/NHANES/FAQs.htm}},
  note = {Accessed 2018-08-06}
}

@misc{Elwert,
  author = {Elwert, F},
  title = {A Brief Review of Counterfactual Causality},
  year = 2013,
  howpublished = {\url{https://www.ssc.wisc.edu/~felwert/causality/?page_id=66}},
  note = {Accessed 2018-08-06}
}

@book{vittinghoff2011regression,
  title={Regression methods in biostatistics: linear, logistic, survival, and repeated measures models},
  author={Vittinghoff, Eric and Glidden, David V and Shiboski, Stephen C and McCulloch, Charles E},
  year={2011},
  publisher={Springer Science \& Business Media}
}

@book{lumley2011complex,
  title={Complex surveys: a guide to analysis using R},
  author={Lumley, Thomas},
  volume={565},
  year={2011},
  publisher={John Wiley \& Sons}
}

@article{lumley2004analysis,
  title={Analysis of complex survey samples},
  author={Lumley, Thomas and others},
  journal={Journal of Statistical Software},
  volume={9},
  number={1},
  pages={1--19},
  year={2004}
}

@book{heeringa2017applied,
  title={Applied survey data analysis},
  author={Heeringa, Steven G and West, Brady T and Berglund, Patricia A},
  year={2017},
  publisher={Chapman and Hall/CRC}
}


@book{bilder2014analysis,
  title={Analysis of categorical data with R},
  author={Bilder, Christopher R and Loughin, Thomas M},
  year={2014},
  publisher={CRC Press}
}

@book{twisk2013applied,
  title={Applied longitudinal data analysis for epidemiology: a practical guide},
  author={Twisk, Jos WR},
  year={2013},
  publisher={Cambridge University Press}
}

@misc{nhanes,
  title={National Health and Nutrition Examination Survey Data},
  author={{CDC,NCHS}},
  howpublished = "\url{https://wwwn.cdc.gov/nchs/nhanes/}",
  year = {2018},
  note = "[Online; accessed 11-April-2018]"
}

@misc{ds,
  title={Data Science ++},
  author={Dhana, A},
  howpublished = "\url{https://datascienceplus.com/}",
  year = {2018},
  note = "[Online; accessed 11-April-2018]"
}

@misc{Engel2018,
  title={Accessing World Bank Data from R},
  author={Engel, C},
  howpublished = "\url{https://cengel.github.io/gearup2016/worldbank.html}",
  year = {2018},
  note = "[Online; accessed 11-April-2018]"
}

@misc{Engel2018s,
  title={Accessing Social Science Data with R},
  author={Engel, C},
  howpublished = "\url{https://cengel.github.io/gearup2016/SULdataAccess.html}",
  year = {2018},
  note = "[Online; accessed 11-April-2018]"
}

@article{shaefer2017can,
  title={Can poverty in America be compared to conditions in the world's poorest countries?},
  author={Shaefer, H Luke and Wu, Pinghui and Edin, Kathryn},
  journal={American Journal of Medical Research},
  volume={4},
  number={1},
  pages={84},
  year={2017},
  publisher={Addleton Academic Publishers}
}

@Manual{RNHANES,
    title = {RNHANES: Facilitates Analysis of CDC NHANES Data},
    author = {Herb Susmann},
    year = {2016},
    note = {R package version 1.1.0},
    url = {https://CRAN.R-project.org/package=RNHANES},
  }

@article{flegal2016trends,
  title={Trends in obesity among adults in the United States, 2005 to 2014},
  author={Flegal, Katherine M and Kruszon-Moran, Deanna and Carroll, Margaret D and Fryar, Cheryl D and Ogden, Cynthia L},
  journal={Jama},
  volume={315},
  number={21},
  pages={2284--2291},
  year={2016},
  publisher={American Medical Association}
}

@article{peters2014combined,
  title={Combined impact of lead, cadmium, polychlorinated biphenyls and non-chemical risk factors on blood pressure in NHANES},
  author={Peters, Junenette L and Fabian, M Patricia and Levy, Jonathan I},
  journal={Environmental research},
  volume={132},
  pages={93--99},
  year={2014},
  publisher={Elsevier}
}
